@misc{duruisseaux,
      title={Approximation of nearly-periodic symplectic maps via structure-preserving neural networks}, 
      author={Valentin Duruisseaux and Joshua W. Burby and Qi Tang},
      year={2023},
      eprint={2210.05087},
      archivePrefix={arXiv},
      primaryClass={cs.LG},
      url={https://arxiv.org/abs/2210.05087}, 
}

@ARTICLE{horta,
       author = {{Horta}, Danny and {Price-Whelan}, Adrian M. and {Hogg}, David W. and {Johnston}, Kathryn V. and {Widrow}, Lawrence and {Dalcanton}, Julianne J. and {Ness}, Melissa K. and {Hunt}, Jason A.~S.},
        title = "{Orbital Torus Imaging}: {Acceleration}, Density, and Dark Matter in the {Galactic} Disk Measured with Element Abundance Gradients",
      journal = {The Astrophysical Journal},
     keywords = {the Milky Way, Milky Way dynamics, Milky Way mass, Dark matter density, Galaxy dynamics, 1054, 1051, 1058, 354, 591, Astrophysics - Astrophysics of Galaxies},
         year = 2024,
        month = feb,
       volume = {962},
       number = {2},
          eid = {165},
        pages = {165},
          doi = {10.3847/1538-4357/ad16e8},
archivePrefix = {arXiv},
       eprint = {2312.07664},
 primaryClass = {astro-ph.GA}
}
