@article{greydanus2019hamiltonian,
  title={Hamiltonian neural networks},
  author={Greydanus, Samuel and Dzamba, Misko and Yosinski, Jason},
  journal={Advances in neural information processing systems},
  volume={32},
  year={2019}
}

@article{bertalan2019learning,
  title={On learning Hamiltonian systems from data},
  author={Bertalan, Tom and Dietrich, Felix and Mezi{\'c}, Igor and Kevrekidis, Ioannis G},
  journal={Chaos: An Interdisciplinary Journal of Nonlinear Science},
  volume={29},
  number={12},
  year={2019},
  publisher={AIP Publishing}
}

@article{chen2018neuralODE,
  title={Neural ordinary differential equations},
  author={Chen, Ricky TQ and Rubanova, Yulia and Bettencourt, Jesse and Duvenaud, David K},
  journal={Advances in neural information processing systems},
  volume={31},
  year={2018}
}

@article{burby2020fast,
  title={Fast neural Poincar{\'e} maps for toroidal magnetic fields},
  author={Burby, Joshua William and Tang, Qi and Maulik, R},
  journal={Plasma Physics and Controlled Fusion},
  volume={63},
  number={2},
  pages={024001},
  year={2020},
  publisher={IOP Publishing}
}

@article{jin2020sympnets,
  title={SympNets: Intrinsic structure-preserving symplectic networks for identifying Hamiltonian systems},
  author={Jin, Pengzhan and Zhang, Zhen and Zhu, Aiqing and Tang, Yifa and Karniadakis, George Em},
  journal={Neural Networks},
  volume={132},
  pages={166--179},
  year={2020},
  publisher={Elsevier}
}

@article{turaev2002polynomial,
  title={Polynomial approximations of symplectic dynamics and richness of chaos in non-hyperbolic area-preserving maps},
  author={Turaev, Dmitry},
  journal={Nonlinearity},
  volume={16},
  number={1},
  pages={123},
  year={2002},
  publisher={IOP Publishing}
}

@article{kevrekidis2024neural,
  title={Neural network representations of multiphase Equations of State},
  author={Kevrekidis, George A and Serino, Daniel A and Kaltenborn, M Alexander R and Gammel, J Tinka and Burby, Joshua W and Klasky, Marc L},
  journal={Scientific Reports},
  volume={14},
  number={1},
  pages={1--13},
  year={2024},
  publisher={Nature Publishing Group}
}

@article{duruisseaux2023approximation,
  title={Approximation of nearly-periodic symplectic maps via structure-preserving neural networks},
  author={Duruisseaux, Valentin and Burby, Joshua W and Tang, Qi},
  journal={Scientific reports},
  volume={13},
  number={1},
  pages={8351},
  year={2023},
  publisher={Nature Publishing Group UK London}
}